@MISC{OCL2012,
	AUTHOR="Khronos-OpenCL-Working-Group",
	TITLE="The OpenCL Specification Version: 1.2 Revision: 19",
	YEAR=2012,
	MONTH=nov
}

@article{Carmona2011,
    author = {Carmona, Rhadam\'{e}s and Froehlich, Bernd},
    journal = {Computers \& Graphics},
    title = {Error-controlled real-time cut updates for multi-resolution volume rendering},
    url = {http://dx.doi.org/10.1016/j.cag.2011.01.007},
    year = {2011}
}

@InProceedings{Laine2010,
  author =       {Samuli Laine and Tero Karras},
  title =        {Efficient Sparse Voxel Octrees},
  booktitle =    {Proceedings of ACM SIGGRAPH 2010 Symposium on Interactive 3D Graphics and Games},
  year =         {2010},
  OPTpublisher = {ACM Press},
}

@article{Gobbetti2005,
    author = {Enrico Gobbetti and Fabio Marton},
    title = { Far voxels: a multiresolution framework for interactive rendering of huge complex 3D models on commodity graphics platforms},
    journal = {ACM TRANS. GRAPH},
    year = {2005},
    volume = {24},
    pages = {878--885}
}

@InProceedings{Crassin2009,
  author       = "Crassin, Cyril and Neyret, Fabrice and Lefebvre, Sylvain and Eisemann, Elmar",
  title        = "GigaVoxels : Ray-Guided Streaming for Efficient and Detailed Voxel Rendering",
  booktitle    = "ACM SIGGRAPH Symposium on Interactive 3D Graphics and Games (I3D)",
  year         = "2009",
  publisher    = "ACM Press",
  organization = "ACM",
  url          = "http://maverick.inria.fr/Publications/2009/CNLE09"
}

@InProceedings{Lux2009,
 author = {Lux, Christopher and Fr\"{o}hlich, Bernd},
 title = {GPU-Based Ray Casting of Multiple Multi-resolution Volume Datasets},
 booktitle = {Proceedings of the 5th International Symposium on Advances in Visual Computing: Part II},
 series = {ISVC '09},
 year = {2009},
 isbn = {978-3-642-10519-7},
 location = {Las Vegas, Nevada},
 pages = {104--116},
 numpages = {13},
 url = {http://dx.doi.org/10.1007/978-3-642-10520-3_10},
 doi = {10.1007/978-3-642-10520-3_10},
 acmid = {1696253},
 publisher = {Springer-Verlag},
 address = {Berlin, Heidelberg},
} 


@InProceedings{Plate2002,
 author = {Plate, John and Tirtasana, Michael and Carmona, Rhadam{\'e}s and Fr\"{o}hlich, Bernd},
 title = {Octreemizer: a hierarchical approach for interactive roaming through very large volumes},
 booktitle = {Proceedings of the symposium on Data Visualisation 2002},
 series = {VISSYM '02},
 year = {2002},
 isbn = {1-58113-536-X},
 location = {Barcelona, Spain},
 pages = {53--ff},
 url = {http://dl.acm.org/citation.cfm?id=509740.509749},
 acmid = {509749},
 publisher = {Eurographics Association},
 address = {Aire-la-Ville, Switzerland, Switzerland},
 keywords = {out-of-core rendering, texture caching, volume rendering},
} 

@InProceedings{Freitag1999,
    author = {Lori A. Freitag and Raymond M. Loy},
    title = {Adaptive, Multiresolution Visualization of Large Data Sets using a Distributed MemoryOctree},
    booktitle = {in Proceedings of SC99: High Performance Networking and Computing},
    year = {1999},
    publisher = {Society Press}
}

@inproceedings{Lacoste_2007,
 author = {Lacoste, Julien and Boubekeur, Tamy and Jobard, Bruno and Schlick, Christophe},
 title = {Appearance preserving octree-textures},
 booktitle = {Proceedings of the 5th international conference on Computer graphics and interactive techniques in Australia and Southeast Asia},
 series = {GRAPHITE '07},
 year = {2007},
 isbn = {978-1-59593-912-8},
 location = {Perth, Australia},
 pages = {87--93},
 numpages = {7},
 url = {http://doi.acm.org/10.1145/1321261.1321277},
 doi = {10.1145/1321261.1321277},
 acmid = {1321277},
 publisher = {ACM},
 address = {New York, NY, USA},
 keywords = {GPU, appearance preserving simplification, normal mapping, octree-textures},
}

@Article\{CNSGE11b,
  author       = "Crassin, Cyril and Neyret, Fabrice and Sainz, Miguel and Green, Simon and Eisemann, Elmar",
  title        = "Interactive Indirect Illumination Using Voxel Cone Tracing",
  journal      = "Computer Graphics Forum (Proceedings of Pacific Graphics 2011)",
  number       = "7",
  volume       = "30",
  month        = "sep",
  year         = "2011",
  keywords     = "Global illumination, indirect lighting, ambient occlusion, final gather, cone-tracing, voxels, GPU, real-time rendering",
  url          = "http://maverick.inria.fr/Publications/2011/CNSGE11b"
}


@article{Drebin:1988:VR:378456.378484,
 author = {Drebin, Robert A. and Carpenter, Loren and Hanrahan, Pat},
 title = {Volume rendering},
 journal = {SIGGRAPH Comput. Graph.},
 issue_date = {Aug. 1988},
 volume = {22},
 number = {4},
 month = jun,
 year = {1988},
 issn = {0097-8930},
 pages = {65--74},
 numpages = {10},
 url = {http://doi.acm.org/10.1145/378456.378484},
 doi = {10.1145/378456.378484},
 acmid = {378484},
 publisher = {ACM},
 address = {New York, NY, USA},
 keywords = {computer tomography, image processing, magnetic resonance imaging (MRI), medical imaging, non-destructive evaluation (NDE), scientific visualization},
} 

@book{LCN98,
 author = {Lichtenbelt B., Crane R., Naqvi S.},
 title = {Introduction to Volume Rendering},
 journal = {SIGGRAPH Comput. Graph.},
 issue_date = {Aug. 1988},
 volume = {22},
 number = {4},
 month = jun,
 year = {1998},
 issn = {0097-8930},
 pages = {65--74},
 numpages = {10},
 url = {http://doi.acm.org/10.1145/378456.378484},
 doi = {10.1145/378456.378484},
 acmid = {378484},
 publisher = {Prentice Hall PTR, Upper Saddle River, NJ, USA},
 address = {},
 keywords = {computer tomography, image processing, magnetic resonance imaging (MRI), medical imaging, non-destructive evaluation (NDE), scientific visualization},
} 




