@MISC{OCL2012,
	AUTHOR="Khronos-OpenCL-Working-Group",
	TITLE="The OpenCL Specification Version: 1.2 Revision: 19",
	YEAR=2012,
	MONTH=nov
}

@PhdThesis{M02,
author = {Guido Morgenthal},
title = {Aerodynamic Analysis of Structures Using High-resolution Vortex Particle Methods},
year = {2002}
}
@Book{HTC,
ALTauthor = {Benedict Gaster, Lee Howes, David R. Kaeli, Perhaad Mistry, Dana Schaa},
ALTeditor = {?},
title = {Heterogeneous Computing with OpenCL},
publisher = {Morgan Kaufmann},
year = {2012}
}

@Article{cuda,
author = {Diego Rossinelli and Michael Bergdorf and Georges-Henri Cottet and Petros Koumoutsakos},
title = {GPU accelerated simulations of bluff body flows using vortex particle methods},
journal = {Journal of Computational Physics},
year = {2010}
}

@MISC{IEEE,
	AUTHOR="IEEE-Computer-Society",
	TITLE="IEEE Standard for Floating-Point Arithmetic",
	YEAR=2008,
	MONTH=aug
}

@MISC{GNU,
	AUTHOR="Sandra Loosemore and Richard Stallman and Roland McGrath and Andrew Oram and Ulrich Drepper",
	TITLE="The GNU C Library Reference Manual version 2.16",
	YEAR=2012
}

@MISC{AMD,
	AUTHOR="Advanced Micro Devices Inc.",
	TITLE="AMD Accelerated Parallel Processing OpenCL rev 2.4",
	YEAR=2012
}
@Article{BEM,
author = {Mark J. Stock and Adrin Gharakhani},
title = {A GPU-accelerated Boundary Element Method and Vortex Particle Method},
year = {2010},
}
@Article{CPU,
author = {Pawel Gepner and David L. Fraser and Victor Gamayunov},
title = {Evaluation of the 3rd generation Intel Core Processor focusing on HPC applications},
year = {2012}
}
@Article{gpu3d,
author = {Andrzej Kosior and Henryk Kudela},
title = {Parallel computations on GPU in 3D using the vortex particle method},
journal = {Computers and Fluids},
year = {2012}
}
@InProceedings{stam,
author = {Jos Stam},
title = {Stable fluids},
booktitle = {Proceeding
SIGGRAPH '99 Proceedings of the 26th annual conference on Computer graphics and interactive techniques}
}
@InProceedings{fast,
author = {Mark Harris},
title = {Fast fluid dynamics simulation on the GPU},
booktitle = {Proceeding SIGGRAPH '05 ACM SIGGRAPH 2005 Courses }
}

@InBook{crane,
ALTauthor = {Crane, Keenan and Llamas, Ignacio, and Tariq, Sarah},
ALTeditor = {Hubert Nguyen},
title = {Real Time Simulation and Rendering of 3D Fluids, GPUGems 3},
chapter = {30},
publisher = {Addison-Wesley},
year = {2007}
}
@Article{sph,
author = {T. Harada and S. Koshizuka and Y. Kawaguchi},
title = {Smoothed particle hydrodynamics on GPUs},
journal = {In Computer Graphics International},
year = {2007}
}


@Book{ARI,
ALTauthor = {Donald Ervin Knuth and R. Loos},
ALTeditor = {?},
title = {Arithmetik: Aus Der Reihe the Art of Computer Programming},
publisher = {Springer},
year = {2001}
}